<?xml version="1.0" encoding="UTF-8"?><collection xmlns="http://www.loc.gov/MARC21/slim"><record><leader>00468nam--2200169-i-4500</leader><controlfield tag="001">000028126</controlfield><controlfield tag="002">20161230</controlfield><controlfield tag="005">20161230201037</controlfield><controlfield tag="008">060222s1000------------r-----000-0-eng-d</controlfield><datafield ind1=" " ind2=" " tag="040"><subfield code="a">IFIN-HH</subfield></datafield><datafield ind1=" " ind2=" " tag="080"><subfield code="a">519.4</subfield></datafield><datafield ind1="1" ind2=" " tag="100"><subfield code="a">Macfadyen, N.W</subfield></datafield><datafield ind1="1" ind2="0" tag="245"><subfield code="a">The reduction 0(3,1)&gt;0(2,1)&gt;0(1,1)</subfield><subfield code="c">N.w. macfadyen</subfield></datafield><datafield ind1=" " ind2=" " tag="260"><subfield code="a">Pittsburgh, Pennsylvania</subfield><subfield code="b">Carnegie-mellon University University</subfield><subfield code="c">1970</subfield></datafield><datafield ind1=" " ind2=" " tag="300"><subfield code="a">27P</subfield></datafield><datafield ind1=" " ind2=" " tag="852"><subfield code="a">33302</subfield><subfield code="c">519.4/5</subfield></datafield><datafield ind1=" " ind2=" " tag="CAT"><subfield code="a">Sys</subfield><subfield code="c">20130812</subfield><subfield code="h">155656</subfield></datafield></record></collection>